@article{He:2019aa,
 author = {He, M. and Glasser, J. and Pritchard, N. and Bhamidi, S. and Kaza, N.},
 date-added = {2019-03-06 21:15:46 +0100},
 date-modified = {2019-03-06 21:16:50 +0100},
 journal = {Papers in Regional Science},
 title = {Demarcating Regions using Community Detection in Commuting Networks},
 year = {In Review}
}

