@article{kaza:vainforesight,
 author = {Kaza, N.},
 date-added = {2018-01-10 12:29:19 +0000},
 date-modified = {2018-03-30 13:07:04 +0000},
 journal = {Planning Theory},
 title = {Vain Foresight: Against the Idea of Implementation in Planning},
 year = {In Review}
}

