@article{kazaetal2018whoseplan,
 author = {Kaza, N. and Brookshire, D. and Toledo, K. and Perrit, M. and Murphy, S.},
 date-added = {2018-03-30 13:09:01 +0000},
 date-modified = {2018-06-27 20:30:43 +0000},
 journal = {Energy Policy},
 title = {Whose plan is it anyway? Energy Planning by American Indian Tribes in the United States},
 year = {In Review}
}

