@article{LesterKazaMcAdam:2018,
 author = {Lester, T. W. and Kaza, N. and McAdam, T.},
 date-added = {2018-03-30 13:16:48 +0000},
 date-modified = {2018-06-27 22:50:28 +0000},
 journal = {Landscape and Urban Planning},
 title = {Splintered Metropolitan Opportunity in the United States? Re-Examining the Mismatch' between Emerging Employment Centers and Distressed Neighborhoods},
 year = {In Review}
}

