@article{PengKaza:fruits,
 author = {Peng, K. and Kaza, N.},
 date-added = {2018-03-30 13:14:45 +0000},
 date-modified = {2018-06-27 20:36:28 +0000},
 journal = {Public Health Nutrition},
 title = {Built environment and the purchase of fruits and vegetables in United States households},
 year = {In Review}
}

