@article{PengKaza:fruits,
 author = {Peng, K. and Kaza, N.},
 date-added = {2018-03-30 13:14:45 +0000},
 date-modified = {2019-04-15 08:01:47 +0200},
 journal = {Public Health Nutrition},
 title = {Built environment and the purchase of fruits and vegetables in United States households},
 year = {Forthcoming}
}

